Automatically generated by Mendeley Desktop 1.11
Any changes to this file will be lost if it is regenerated by Mendeley.

BibTeX export options can be customized via Options -> BibTeX in Mendeley Desktop

@book{Pimentel,
author = {Pimentel, David and Pimentel, Marcia},
isbn = {9781420046670},
title = {{Food, Energy, and Society}}
}
@book{Lagani,
author = {Lagani, Robert},
file = {:Respaldo/Dropbox/Book/OpenCV-2-Computer-Vision-Application-Programming-Cookbook.pdf:pdf},
isbn = {9781849513241},
title = {{OpenCV 2 Computer Vision Application Programming Cookbook}}
}
